%%
%% 김정현의 참고문헌 데이타베이스
%% Joshua Kim's Bibliography database
%%
@Preamble{"\newcommand{\noopsort}[1]{} " #
                 "\newcommand{\printfirst}[2]{#1} " #
                 "\newcommand{\singleletter}[1]{#1} " #
                 "\newcommand{\switchargs}[2]{#2#1}"}

@String{mghill = "McGraw-Hill"}

@String{pub-AW = "Ad{\-d}i{\-s}on-Wes{\-l}ey"}

@Book{book-full,
  author =       "Donald E. Knuth",
  title =        "Seminumerical Algorithms",
  volume =       "2",
  series =       "The Art of Computer Programming",
  publisher =    "Addison-Wesley",
  address =      "Reading, Massachusetts",
  edition =      "Second",
  month =        "10~" # jan,
  year =         "{\noopsort{1973c}}1981",
  note =         "This is a full BOOK entry",
}

%%------------------------------------------------------
%% LaTeX
%%------------------------------------------------------
@Book{한글LaTeXbook,
  author =       "{고기형, 한국과학기술원 산업수학연구실}",
  title =        "{한글과 \TeX: 한글 \LaTeX의 모든 것}",
  publisher =    "청문각",
  year =         "1995",
}

@Book{TeXbook,
  author =       "{D.~Knuth}",
  title =        "{The \TeX book}",
  publisher =    "Addison-Wesley",
  year =         "1990",
}

@Book{Lamport:LDP85,
  author =       "Lesile Lamport",
  title =        "{\LaTeX}---{A} Document Preparation System---User's
                 Guide and Reference Manual",
  publisher =    pub-AW,
  edition =      "2nd",
  year =         "1994",
  ISBN =         "0-201-52983-1",
}

@Book{LaTeXcompanion,
  author =       "{M.~Goossens, F.~Mittelbach,and A.~Samarin}",
  title =        "{The \LaTeX\ companion}",
  publisher =    "Addison-Wesley",
  year =         "1994",
}

@Book{LaTeXconcisely,
  author =       "{Adrian Johnstone}",
  title =        "{\LaTeX\ concisely}",
  publisher =    "Ellis Horwood",
  year =         "1992",
}

%%------------------------------------------------------
%% Electronic Principles
%%------------------------------------------------------
@Book{pll,
  author =       "Roland E. Best",
  title =        "Phase-Locked Loops",
  publisher =    mghill,
  edition =      "2nd",
  year =         "1993",
}

@Book{williams:filter,
  author =       "{Arthur B. Williams} and {Fred J. Taylor}",
  title =        "Electronic Filter Design Handbook",
  publisher =    mghill,
  edition =      "3rd",
  year =         "1995",
}

@Book{smith:comm,
  author =       "Jack Smith",
  title =        "Modern Communication Circuits",
  publisher =    mghill,
  year =         "1986",
}

@Book{simon:comm,
  author =       "Simon Haykin",
  title =        "Communication Systems",
  publisher =    "John Wiley \& Sons",
  edition =      "2nd",
  year =         "1978",
}

@Book{ziemer:comm2,
  author =       "{R. E. Ziemer} and {W. H. Tranter}",
  title =        "Principles of Communications. Systems,Modulation,and
                 Noise",
  publisher =    "Houghton Mifflin",
  edition =      "2nd",
  year =         "1985",
}

@Book{borabaugh:filter,
  author =       "C. Britton Borabaugh",
  title =        "Digital Filter Designer's Handbook",
  publisher =    mghill,
  year =         "1993",
}

%%------------------------------------------------------
%% Magnetics
%%------------------------------------------------------
@Book{kraus:mag,
  author =       "John D. Kraus",
  title =        "Electromagnetics",
  publisher =    mghill,
  edition =      "3rd",
  year =         "1984",
}

%%------------------------------------------------------
%% Mathmatics
%%------------------------------------------------------
@Book{fourier,
  author =       "Murray R. Spiegel",
  title =        "Fourier Analysis",
  volume =       "",
  series =       "Schaum's outline series",
  publisher =    "",
  address =      "",
  edition =      "",
  month =        "",
  year =         "1974",
}

@Book{mathtable1,
  author =       "{I.M. Ryzhik} and {Alan Jeffrey}",
  title =        "Table of Integrals, Series, and Products",
  publisher =    "Academic Press",
  edition =      "5th",
  year =         "1994",
  note =         "ISBN:012294755X",
}

@Book{algebra1,
  author =       "Frank Ayres, JR.",
  title =        "Modern Algebra",
  series =       "Schaum's Outline Series",
  publisher =    mghill,
  month =        "June",
  year =         "1965",
}

%%------------------------------------------------------
%% Control Theory
%%------------------------------------------------------
@BOOK{Franklin2,
  author =       "Gene F. Franklin and J. David Powell and Michal Workman",
  title =        "Digital Control of Dynamic Systems",
  publisher =    pub-AW,
  year =         "1997",
  isbn =         "0201331535",
}

@BOOK{masten1,
  author =       "{Michael K. Masten} and others",
  title =        "Modern Control System",
  publisher =    "IEEE",
  year =         "1995"
}
